@book{gtac2023,
author = {Yufei Zhao},
title = {Graph Theory and Additive Combinatorics: Exploring Structure and Randomness},
year = {2023},
publisher = {Cambridge University Press},
isbn = {9781009310956},
}

@article{mantel1907,
author = {W. Mantel},
title = {Problem 28},
year = {1907},
journal = {Wiskundige Opgaven},
volume = {10},
pages = {60-61},
}

@article{turan1941,
author = {Paul Turán},
title = {On an extremal problem in graph theory},
year = {1941},
journal = {Matematikai és Fizikai Lapok},
volume = {48},
pages = {436-452},
}